
@article{anderson_mathematical_1974,
	title = {A mathematical model for the growth of giant kelp},
	volume = {22},
	url = {http://sim.sagepub.com/content/22/4/97.short},
	number = {4},
	urldate = {2016-06-22},
	journal = {Simulation},
	author = {Anderson, Nick},
	year = {1974},
	pages = {97--105},
	file = {97.full.pdf:/home/oliver/.zotero/zotero/409i22dq.default/zotero/storage/PKNPPHCA/97.full.pdf:application/pdf}
}

@book{caswell_matrix_1983,
	address = {Sunderland, Massachusetts},
	edition = {2nd},
	title = {Matrix {Population} {Models}: {Constrution}, analysis and interpretation},
	url = {http://books.google.com/books?hl=en&lr=&id=lmwtFxLnCKUC&oi=fnd&pg=PP1&dq=%22Mathematical+prerequisites+.+.+.+.+.+.+.+.+.+.+.+.+.+.+.+.+.+.+.+.+.+.%22+%22Reproduction+.+.+.+.+.+.+.+.+.+.+.+.+.+.+.+.+.+.+.+.+.+.+.+.+.+.%22+&ots=imHLCkf6_p&sig=jy2Mu9FxnZG0cENsOOMzKFCjebI},
	urldate = {2016-06-24},
	publisher = {Sinauer Associates, Inc.},
	author = {Caswell, Hal},
	year = {1983},
	file = {MatrixPopulationModels2.pdf:/home/oliver/.zotero/zotero/409i22dq.default/zotero/storage/Q8BU68RS/MatrixPopulationModels2.pdf:application/pdf}
}

@article{jackson_morphological_1985,
	title = {Morphological relationships among fronds of giant kelp {Macrocystis} pyrifera off {La} {Jolla}, {California}},
	volume = {26},
	url = {http://www.int-res.com/articles/meps/26/m026p261.pdf},
	urldate = {2016-06-23},
	journal = {Mar. Ecol. Prog. Ser},
	author = {Jackson, George A. and James, David E. and North, Wheeler J.},
	year = {1985},
	pages = {261--270},
	file = {m026p261.pdf:/home/oliver/.zotero/zotero/409i22dq.default/zotero/storage/KN3F6JK8/m026p261.pdf:application/pdf}
}

@article{jackson_modelling_1987,
	title = {Modelling the growth and harvest yield of the giant kelp {Macrocystis} pyrifera},
	volume = {95},
	url = {http://link.springer.com/article/10.1007/BF00393105},
	number = {4},
	urldate = {2016-06-22},
	journal = {Marine Biology},
	author = {Jackson, G. A.},
	year = {1987},
	pages = {611--624},
	file = {art%3A10.1007%2FBF00393105.pdf:/home/oliver/.zotero/zotero/409i22dq.default/zotero/storage/53RZSQDC/art%3A10.1007%2FBF00393105.pdf:application/pdf}
}

@article{burgman_stage-structured_1990,
	title = {A stage-structured, stochastic population model for the giant kelp {Macrocystis} pyrifera},
	volume = {105},
	url = {http://link.springer.com/article/10.1007/BF01344266},
	number = {1},
	urldate = {2016-06-22},
	journal = {Marine Biology},
	author = {Burgman, M. A. and Gerard, V. A.},
	year = {1990},
	pages = {15--23},
	file = {art%3A10.1007%2FBF01344266.pdf:/home/oliver/.zotero/zotero/409i22dq.default/zotero/storage/BRXF8RW4/art%3A10.1007%2FBF01344266.pdf:application/pdf}
}

@article{nyman_macrocystis_1990,
	title = {Macrocystis pyrifera in {New} {Zealand}: testing two mathematical models for whole plant growth},
	volume = {2},
	shorttitle = {Macrocystis pyrifera in {New} {Zealand}},
	url = {http://link.springer.com/article/10.1007/BF02179782},
	number = {3},
	urldate = {2016-06-22},
	journal = {Journal of Applied Phycology},
	author = {Nyman, Melvin A. and Brown, Murray T. and Neushul, Michael and Keogh, Jonathan A.},
	year = {1990},
	pages = {249--257},
	file = {art%3A10.1007%2FBF02179782.pdf:/home/oliver/.zotero/zotero/409i22dq.default/zotero/storage/9QJWAQAT/art%3A10.1007%2FBF02179782.pdf:application/pdf}
}

@article{duarte_model_1996,
	title = {A model for the simulation of macroalgal population dynamics and productivity},
	volume = {98},
	url = {http://bdigital.ufp.pt/bitstream/10284/280/1/A%20model%20for%20the%20simulation%20of%20macroalgal%20population%20dynamics%20and%20productivity%20.pdf},
	urldate = {2016-06-23},
	journal = {Ecological Modelling},
	author = {Duarte, P. and Ferreira, J.G.},
	year = {1996},
	pages = {199--214},
	file = {A model for the simulation of macroalgal population dynamics and productivity .pdf:/home/oliver/.zotero/zotero/409i22dq.default/zotero/storage/6U6KUAG7/A model for the simulation of macroalgal population dynamics and productivity .pdf:application/pdf}
}

@article{yoshimori_mathematical_1998,
	title = {Mathematical models of population dynamics of the kelp {Laminaria} religiosa, with emphasis on temperature dependence},
	volume = {7},
	shorttitle = {Models of kelp population dynamics},
	url = {http://onlinelibrary.wiley.com.ezproxy.clarkson.edu/store/10.1046/j.1365-2419.1998.00060.x/asset/j.1365-2419.1998.00060.x.pdf?v=1&t=iprbtpdp&s=ae1bb15888803a65b04cf1cbb94986dd498c4551},
	number = {2},
	urldate = {2016-06-22},
	journal = {Fisheries Oceanography},
	author = {Yoshimori, Akira and Kono, Tokihiro and Iizumi, Hitoshi},
	year = {1998},
	pages = {136±146},
	file = {j.1365-2419.1998.00060.x.pdf:/home/oliver/.zotero/zotero/409i22dq.default/zotero/storage/E8NQZ2DD/j.1365-2419.1998.00060.x.pdf:application/pdf}
}

@article{wassmann_modelling_2006,
	title = {Modelling the ecosystem dynamics of the {Barents} {Sea} including the marginal ice zone},
	volume = {59},
	issn = {09247963},
	url = {http://linkinghub.elsevier.com/retrieve/pii/S0924796305001272},
	doi = {10.1016/j.jmarsys.2005.05.006},
	language = {en},
	number = {1-2},
	urldate = {2016-06-24},
	journal = {Journal of Marine Systems},
	author = {Wassmann, Paul and Slagstad, Dag and Riser, Christian Wexels and Reigstad, Marit},
	month = jan,
	year = {2006},
	pages = {1--24},
	file = {1-s2.0-S0924796305001272-main.pdf:/home/oliver/.zotero/zotero/409i22dq.default/zotero/storage/8X89KQQV/1-s2.0-S0924796305001272-main.pdf:application/pdf}
}

@article{broch_modelling_2012,
	title = {Modelling seasonal growth and composition of the kelp {Saccharina} latissima},
	volume = {24},
	issn = {0921-8971, 1573-5176},
	url = {http://link.springer.com/10.1007/s10811-011-9695-y},
	doi = {10.1007/s10811-011-9695-y},
	language = {en},
	number = {4},
	urldate = {2016-06-08},
	journal = {Journal of Applied Phycology},
	author = {Broch, Ole Jacob and Slagstad, Dag},
	month = aug,
	year = {2012},
	pages = {759--776},
	file = {2012_broch_slagstad_modelling_seasonal.pdf:/home/oliver/.zotero/zotero/409i22dq.default/zotero/storage/7TW9KV4P/2012_broch_slagstad_modelling_seasonal.pdf:application/pdf}
}

@article{handa_seasonal-_2013,
	title = {Seasonal- and depth-dependent growth of cultivated kelp ({Saccharina} latissima) in close proximity to salmon ({Salmo} salar) aquaculture in {Norway}},
	volume = {414-415},
	issn = {00448486},
	url = {http://linkinghub.elsevier.com/retrieve/pii/S0044848613004043},
	doi = {10.1016/j.aquaculture.2013.08.006},
	language = {en},
	urldate = {2016-06-08},
	journal = {Aquaculture},
	author = {Handå, Aleksander and Forbord, Silje and Wang, Xinxin and Broch, Ole Jacob and Dahle, Stine Wiborg and Størseth, Trond Røvik and Reitan, Kjell Inge and Olsen, Yngvar and Skjermo, Jorunn},
	month = nov,
	year = {2013},
	pages = {191--201},
	file = {2013-Handå-et-al-Aquaculture.pdf:/home/oliver/.zotero/zotero/409i22dq.default/zotero/storage/AKB6VKDE/2013-Handå-et-al-Aquaculture.pdf:application/pdf}
}

@article{zhang_model_2016,
	title = {A model for the growth of mariculture kelp {Saccharina} japonica in {Sanggou} {Bay}, {China}},
	volume = {8},
	issn = {1869-215X, 1869-7534},
	url = {http://www.int-res.com/abstracts/aei/v8/p273-283/},
	doi = {10.3354/aei00171},
	language = {en},
	urldate = {2016-06-06},
	journal = {Aquaculture Environment Interactions},
	author = {Zhang, J and Wu, W and Ren, Js and Lin, F},
	month = apr,
	year = {2016},
	pages = {273--283},
	file = {2016_zhang_et_al_AEI.pdf:/home/oliver/.zotero/zotero/409i22dq.default/zotero/storage/NNX8ZD4V/2016_zhang_et_al_AEI.pdf:application/pdf}
}